@book{Kurose12,
  Author = {James F. Kurose and Keith W. Ross},
  Title = {Computer Networking: A Top-Down Approach (6th Edition)},
  Publisher = {Pearson},
  Year = {2012},
  ISBN = {0132856204},
  URL = {http://www.amazon.com/Computer-Networking-Top-Down-Approach-Edition/dp/0132856204%3FSubscriptionId%3D0JYN1NVW651KCA56C102%26tag%3Dtechkie-20%26linkCode%3Dxm2%26camp%3D2025%26creative%3D165953%26creativeASIN%3D0132856204}
}

@article{DBLP:journals/iotj/ChiangZ16,
	author    = {Mung Chiang and
	Tao Zhang},
	title     = {Fog and IoT: An Overview of Research Opportunities},
	journal   = {{IEEE} Internet of Things Journal},
	volume    = {3},
	number    = {6},
	pages     = {854--864},
	year      = {2016},
	url       = {https://doi.org/10.1109/JIOT.2016.2584538},
	doi       = {10.1109/JIOT.2016.2584538},
	timestamp = {Sat, 20 May 2017 00:24:05 +0200},
	biburl    = {http://dblp.uni-trier.de/rec/bib/journals/iotj/ChiangZ16},
	bibsource = {dblp computer science bibliography, http://dblp.org}
}

@report{CloudNIST11,
	author = {Peter Mell and Timothy Grance},
	title = {The NIST Definition of Cloud Computing},
	publisher = {NIST},
	year = {2011},
	url = {http://nvlpubs.nist.gov/nistpubs/Legacy/SP/nistspecialpublication800-145.pdf}
}

@report{computeB4Send,
	author = {K. Kumar and Y. Lu},
	title = {Cloud Computing for Mobile Users: Can Offloading Computation Save Energy?},
	publisher = {IEEE},
	year = {2010},
	url = {http://ieeexplore.ieee.org/document/5445167/}
}

@article{DBLP:journals/corr/Marin-TorderaMA16,
	author    = {Eva Mar{\'{\i}}n{-}Tordera and
	Xavier Masip{-}Bruin and
	Jordi Garcia Almi{\~{n}}ana and
	Admela Jukan and
	Guang{-}Jie Ren and
	Jiafeng Zhu and
	Josep Farre},
	title     = {What is a Fog Node {A} Tutorial on Current Concepts towards a Common
	Definition},
	journal   = {CoRR},
	volume    = {abs/1611.09193},
	year      = {2016},
	url       = {http://arxiv.org/abs/1611.09193},
	timestamp = {Wed, 07 Jun 2017 14:41:44 +0200},
	biburl    = {http://dblp.uni-trier.de/rec/bib/journals/corr/Marin-TorderaMA16},
	bibsource = {dblp computer science bibliography, http://dblp.org}
}

@whitepaper{OpenFog,
	author = {},
	title = {OpenFog Architecture Overview},
	Publisher = {OpenFog Consortium Architecture Working Group},
	url = {https://www.openfogconsortium.org/wp-content/uploads/OpenFog-Architecture-Overview-WP-2-2016.pdf}
}

@article{Perera:2017:FCS:3101309.3057266,
	author = {Perera, Charith and Qin, Yongrui and Estrella, Julio C. and Reiff-Marganiec, Stephan and Vasilakos, Athanasios V.},
	title = {Fog Computing for Sustainable Smart Cities: A Survey},
	journal = {ACM Comput. Surv.},
	issue_date = {August 2017},
	volume = {50},
	number = {3},
	month = jun,
	year = {2017},
	issn = {0360-0300},
	pages = {32:1--32:43},
	articleno = {32},
	numpages = {43},
	url = {http://doi.acm.org/10.1145/3057266},
	doi = {10.1145/3057266},
	acmid = {3057266},
	publisher = {ACM},
	address = {New York, NY, USA},
	keywords = {Internet of things, fog computing, smart cities, sustainability},
} 
