@book{Kurose12,
  Author = {James F. Kurose and Keith W. Ross},
  Title = {Computer Networking: A Top-Down Approach (6th Edition)},
  Publisher = {Pearson},
  Year = {2012},
  ISBN = {0132856204},
  URL = {http://www.amazon.com/Computer-Networking-Top-Down-Approach-Edition/dp/0132856204%3FSubscriptionId%3D0JYN1NVW651KCA56C102%26tag%3Dtechkie-20%26linkCode%3Dxm2%26camp%3D2025%26creative%3D165953%26creativeASIN%3D0132856204}
}

@journal{FogAndIot16,
  Author = {Mung Chian and Tao Zhang},
  Title = {Fog and IoT: An Overview of Research Opportunities},
  Publisher = {IEEE},
  Year = {2016},
  URL = {http://ieeexplore.ieee.org/document/7498684/}
}

@report{CloudNIST11,
	Author = {Peter Mell and Timothy Grance},
	Title = {The NIST Definition of Cloud Computing},
	Publisher = {NIST},
	Year = {2011},
	URL = {http://nvlpubs.nist.gov/nistpubs/Legacy/SP/nistspecialpublication800-145.pdf}
}

@report{computeB4Send,
	Author = {K. Kumar and Y. Lu},
	Title = {Cloud Computing for Mobile Users: Can Offloading Computation Save Energy?},
	Publisher = {IEEE},
	Year = {2010},
	URL = {http://ieeexplore.ieee.org/document/5445167/}
}