% Encoding: UTF-8

@book{Halstead:1977,
	author = {Halstead, Maurice H.},
	title = {Elements of Software Science (Operating and Programming Systems Series)},
	year = {1977},
	isbn = {0444002057},
	publisher = {Elsevier Science Inc.},
	address = {New York, NY, USA},
} 

@ARTICLE{McCabe:1976,
	author={T. J. McCabe},
	journal={IEEE Transactions on Software Engineering},
	title={A Complexity Measure},
	year={1976},
	volume={SE-2},
	number={4},
	pages={308-320},
	keywords={Basis;complexity measure;control flow;decomposition;graph theory;independence;linear;modularization;programming;reduction;software;testing;Software testing;System testing;Graph theory;Fluid flow measurement;Software measurement;Linear programming;Software engineering;Software systems;Software maintenance;National security;Basis;complexity measure;control flow;decomposition;graph theory;independence;linear;modularization;programming;reduction;software;testing},
	doi={10.1109/TSE.1976.233837},
	ISSN={0098-5589},
	month={Dec},}

@article{Shepperd:1988_Critique-Cyclo,
	author = {Shepperd, Martin},
	title = {A Critique of Cyclomatic Complexity As a Software Metric},
	journal = {Softw. Eng. J.},
	issue_date = {March 1988},
	volume = {3},
	number = {2},
	month = mar,
	year = {1988},
	issn = {0268-6961},
	pages = {30--36},
	numpages = {7},
	url = {http://dx.doi.org/10.1049/sej.1988.0003},
	doi = {10.1049/sej.1988.0003},
	acmid = {48322},
	publisher = {Michael Faraday House},
	address = {Herts, UK, UK},
} 

@ARTICLE{LI:1987-Study-of-Software-Metrics,
	author={H. F. Li and W. K. Cheung},
	journal={IEEE Transactions on Software Engineering},
	title={An Empirical Study of Software Metrics},
	year={1987},
	volume={SE-13},
	number={6},
	pages={697-708},
	keywords={Control complexity;cross correlation;empirical study;Halstead's software science;hybrid metrics;software metric;Software metrics;Software measurement;Volume measurement;Size measurement;Software maintenance;Costs;Size control;Databases;Flow graphs;Testing;Control complexity;cross correlation;empirical study;Halstead's software science;hybrid metrics;software metric},
	doi={10.1109/TSE.1987.233475},
	ISSN={0098-5589},
	month={June},
}

@TECHREPORT{Olszewska:2011,
	title = {Simulink-Specific Design Quality Metrics},
	author = {Olszewska (pląska), Marta},
	number = {1002},
	series = {TUCS Technical Reports},
	publisher = {Turku Centre for Computer Science},
	year = {2011},
	keywords = {quality assessment, measurements, complexity, interdependencies, Simulink, model construction},
	ISBN = {978-952-12-2564-2},
}

@unknown{Stuermer:2010,
	author = {Stürmer, Ingo and Pohlheim, Hartmut and Rogier, Thorsten},
	year = {2010},
	month = {Jan},
	pages = {},
	title = {Berechnung und Visualisierung der Modellkomplexität bei der mo- dellbasierten Entwicklung sicherheits-relevanter Software}
}

@Comment{jabref-meta: databaseType:bibtex;}

@Comment{jabref-meta: fileDirectory:sources;}

@Comment{jabref-meta: fileDirectory-Florian-PC-Florian:sources;}
