%% This BibTeX bibliography file was created using BibDesk.
%% http://bibdesk.sourceforge.net/


%% Created for dh at 2017-10-12 19:42:13 +0200 


%% Saved with string encoding Unicode (UTF-8) 



@techreport{rfc7626,
	Author = {S. Bortzmeyer},
	Date-Added = {2017-10-12 17:42:03 +0000},
	Date-Modified = {2017-10-12 17:42:03 +0000},
	Number = {7626},
	Title = {{DNS Privacy Considerations}},
	Type = {{RFC}},
	Year = 2015,
	Bdsk-Url-1 = {http://www.ietf.org/rfc/rfc1035.txt}}

@misc{Maass13,
	Author = {M. Maa{\ss}},
	Date-Added = {2014-03-18 17:52:59 +0000},
	Date-Modified = {2014-03-18 17:57:58 +0000},
	Howpublished = {Bachelor Thesis, University of Hamburg, \url{http://nbn-resolving.de/urn:nbn:de:gbv:18-228-7-1989}},
	Title = {{Schnittmengenangriffe auf DNS Range Queries}},
	Year = {2013}}

@misc{googledns,
	Author = {{Google Online Security Blog}},
	Date-Added = {2014-03-18 07:28:15 +0000},
	Date-Modified = {2014-03-18 07:41:19 +0000},
	Howpublished = {\url{http://googleonlinesecurity.blogspot.com/2013/03/google-public-dns-now-supports-dnssec.html} (accessed 2014/03/18)},
	Year = {2013}}

@article{chaum81-mix,
	Author = {David Chaum},
	Date-Added = {2014-01-30 22:59:48 +0000},
	Date-Modified = {2014-01-30 22:59:48 +0000},
	Journal = {{Communications of the ACM}},
	Number = {2},
	Title = {{Untraceable electronic mail, return addresses, and digital pseudonyms}},
	Volume = {24},
	Year = {1981}}

@inproceedings{BalsaTD12,
	Author = {Ero Balsa and Carmela Troncoso and Claudia D\'{\i}az},
	Bibsource = {DBLP, http://dblp.uni-trier.de},
	Booktitle = {Symposium on Security and Privacy},
	Crossref = {DBLP:conf/sp/2012},
	Date-Added = {2014-01-30 22:48:40 +0000},
	Date-Modified = {2014-03-18 07:43:02 +0000},
	Ee = {http://doi.ieeecomputersociety.org/10.1109/SP.2012.36},
	Pages = {491-505},
	Title = {{OB-PWS: Obfuscation-Based Private Web Search}},
	Year = {2012}}

@proceedings{DBLP:conf/sp/2012,
	Bibsource = {DBLP, http://dblp.uni-trier.de},
	Booktitle = {IEEE Symposium on Security and Privacy},
	Date-Added = {2014-01-30 22:48:40 +0000},
	Date-Modified = {2014-03-18 06:22:37 +0000},
	Ee = {http://ieeexplore.ieee.org/xpl/mostRecentIssue.jsp?punumber=6233637},
	Isbn = {978-0-7695-4681-0},
	Publisher = {IEEE},
	Title = {IEEE Symposium on Security and Privacy, SP 2012, 21-23 May 2012, San Francisco, California, USA},
	Year = {2012}}

@article{Sweene02-kanonymity,
	Author = {Latanya Sweeney},
	Date-Added = {2014-01-30 22:17:39 +0000},
	Date-Modified = {2014-01-30 22:17:49 +0000},
	Journal = {International Journal of Uncertainty, Fuzziness and Knowledge-Based Systems},
	Number = {5},
	Pages = {557--570},
	Title = {{k-Anonymity: A Model for Protecting Privacy}},
	Volume = {10},
	Year = {2002}}

@article{HBF:2013,
	Author = {Herrmann, Dominik and Banse, Christian and Federrath, Hannes},
	Date-Added = {2014-01-30 21:17:06 +0000},
	Date-Modified = {2014-01-30 21:17:06 +0000},
	Journal = {Computers \& Security},
	Keywords = {own},
	Month = nov,
	Pages = {17--33},
	Title = {{Behavior-based Tracking: Exploiting Characteristic Patterns in DNS Traffic}},
	Volume = {39A},
	Year = {2013}}

@electronic{Conrad12-dnssecurity,
	Author = {David Conrad},
	Date-Added = {2014-01-30 21:13:07 +0000},
	Date-Modified = {2014-03-18 06:24:51 +0000},
	Organization = {Internet Society},
	Title = {{Towards Improving DNS Security, Stability, and Resiliency}},
	Url = {http://internetsociety.org/sites/default/files/bp-dnsresiliency-201201-en_0.pdf},
	Urldate = {2013-10-13},
	Year = {2012},
	Bdsk-Url-1 = {http://www.internetsociety.org/sites/default/files/bp-dnsresiliency-201201-en_0.pdf}}

@inproceedings{RamasubramanianS04-codons,
	Author = {V. Ramasubramanian and E. Sirer},
	Crossref = {DBLP:conf/sigcomm/2004},
	Date-Added = {2014-01-16 13:52:36 +0000},
	Date-Modified = {2014-03-18 07:46:43 +0000},
	Pages = {331--342},
	Title = {{The Design and Implementation of a Next Generation Name Service for the Internet}},
	Year = {2004}}

@proceedings{DBLP:conf/sigcomm/2004,
	Bibsource = {DBLP, http://dblp.uni-trier.de},
	Booktitle = {SIGCOMM},
	Date-Added = {2014-01-16 13:52:36 +0000},
	Date-Modified = {2014-03-18 07:46:04 +0000},
	Isbn = {1-58113-862-8},
	Publisher = {ACM},
	Title = {SIGCOMM},
	Year = {2004}}

@inproceedings{Chor:1995,
	Author = {Benny Chor and Oded Goldreich and Eyal Kushilevitz and Madhu Sudan},
	Bibsource = {DBLP, http://dblp.uni-trier.de},
	Booktitle = {Symposium on Foundations of Computer Science},
	Date-Added = {2014-01-16 13:34:37 +0000},
	Date-Modified = {2014-03-18 07:44:21 +0000},
	Organization = {IEEE},
	Pages = {41--50},
	Title = {{Private Information Retrieval}},
	Year = {1995}}

@inproceedings{FederrathFHP11-dnsmixes,
	Author = {Hannes Federrath and Karl-Peter Fuchs and Dominik Herrmann and Christopher Piosecny},
	Bibsource = {DBLP, http://dblp.uni-trier.de},
	Crossref = {DBLP:conf/esorics/2011},
	Date-Added = {2014-01-16 13:14:04 +0000},
	Date-Modified = {2014-01-16 13:14:04 +0000},
	Pages = {665-683},
	Title = {{Privacy-Preserving DNS: Analysis of Broadcast, Range Queries and Mix-Based Protection Methods}},
	Year = {2011}}

@inproceedings{Castillo-Perez:2008,
	Author = {Sergio Castillo-Perez and Joaqu\'{\i}n Garc\'{\i}a-Alfaro},
	Bibsource = {DBLP, http://dblp.uni-trier.de},
	Crossref = {DBLP:conf/otm/2008-2},
	Date-Added = {2014-01-16 13:11:38 +0000},
	Date-Modified = {2014-01-16 13:11:38 +0000},
	Ee = {http://dx.doi.org/10.1007/978-3-540-88873-4_5},
	Pages = {987--1000},
	Title = {{Anonymous Resolution of DNS Queries}},
	Year = {2008},
	Bdsk-File-1 = {YnBsaXN0MDDUAQIDBAUGJCVYJHZlcnNpb25YJG9iamVjdHNZJGFyY2hpdmVyVCR0b3ASAAGGoKgHCBMUFRYaIVUkbnVsbNMJCgsMDxJXTlMua2V5c1pOUy5vYmplY3RzViRjbGFzc6INDoACgAOiEBGABIAFgAdccmVsYXRpdmVQYXRoWWFsaWFzRGF0YV8QHC4uLy4uL0Rvd25sb2Fkcy9mdWxsdGV4dC5wZGbSFwsYGVdOUy5kYXRhTxEBcAAAAAABcAACAAAMTWFjaW50b3NoIEhEAAAAAAAAAAAAAAAAAAAAyeebREgrAAAACMtcDGZ1bGx0ZXh0LnBkZgAAAAAAAAAAAAAAAAAAAAAAAAAAAAAAAAAAAAAAAAAAAAAAAAAAAAAAAAAAAAAAAAAAAABz54bLZ9xDAAAAAAAAAAAAAgACAAAJIAAAAAAAAAAAAAAAAAAAAAlEb3dubG9hZHMAABAACAAAyed/JAAAABEACAAAy2fOMwAAAAEADAAIy1wACMtMAACYoAACAC9NYWNpbnRvc2ggSEQ6VXNlcnM6AGRoOgBEb3dubG9hZHM6AGZ1bGx0ZXh0LnBkZgAADgAaAAwAZgB1AGwAbAB0AGUAeAB0AC4AcABkAGYADwAaAAwATQBhAGMAaQBuAHQAbwBzAGgAIABIAEQAEgAfVXNlcnMvZGgvRG93bmxvYWRzL2Z1bGx0ZXh0LnBkZgAAEwABLwAAFQACAAn//wAAgAbSGxwdHlokY2xhc3NuYW1lWCRjbGFzc2VzXU5TTXV0YWJsZURhdGGjHR8gVk5TRGF0YVhOU09iamVjdNIbHCIjXE5TRGljdGlvbmFyeaIiIF8QD05TS2V5ZWRBcmNoaXZlctEmJ1Ryb290gAEACAARABoAIwAtADIANwBAAEYATQBVAGAAZwBqAGwAbgBxAHMAdQB3AIQAjgCtALIAugIuAjACNQJAAkkCVwJbAmICawJwAn0CgAKSApUCmgAAAAAAAAIBAAAAAAAAACgAAAAAAAAAAAAAAAAAAAKc}}

@inproceedings{Castillo-Perez:2009,
	Author = {Sergio Castillo-Perez and Joaqu\'{\i}n Garc\'{\i}a-Alfaro},
	Bibsource = {DBLP, http://dblp.uni-trier.de},
	Crossref = {DBLP:conf/itng/2009},
	Date-Added = {2014-01-16 13:11:38 +0000},
	Date-Modified = {2014-03-18 06:25:40 +0000},
	Ee = {http://doi.ieeecomputersociety.org/10.1109/ITNG.2009.195},
	Pages = {411--416},
	Title = {{Evaluation of Two Privacy--Preserving Protocols for the DNS}},
	Year = {2009},
	Bdsk-File-1 = {YnBsaXN0MDDUAQIDBAUGJCVYJHZlcnNpb25YJG9iamVjdHNZJGFyY2hpdmVyVCR0b3ASAAGGoKgHCBMUFRYaIVUkbnVsbNMJCgsMDxJXTlMua2V5c1pOUy5vYmplY3RzViRjbGFzc6INDoACgAOiEBGABIAFgAdccmVsYXRpdmVQYXRoWWFsaWFzRGF0YV8QGS4uL0Rvd25sb2Fkcy8zNTk2YTQxMS5wZGbSFwsYGVdOUy5kYXRhTxEBaAAAAAABaAACAAAKTWFjQm9vayBIRAAAAAAAAAAAAAAAAAAAAAAAyQGXnEgrAAAABayVDDM1OTZhNDExLnBkZgAAAAAAAAAAAAAAAAAAAAAAAAAAAAAAAAAAAAAAAAAAAAAAAAAAAAAAAAAAAAAAAAAAAAAldILJrKCFAAAAAAAAAAAAAQACAAAJIAAAAAAAAAAAAAAAAAAAAAlEb3dubG9hZHMAABAACAAAyQGJjAAAABEACAAAyaySdQAAAAEADAAFrJUABayFAACRnwACACtNYWNCb29rIEhEOlVzZXJzOnBpbzpEb3dubG9hZHM6MzU5NmE0MTEucGRmAAAOABoADAAzADUAOQA2AGEANAAxADEALgBwAGQAZgAPABYACgBNAGEAYwBCAG8AbwBrACAASABEABIAIFVzZXJzL3Bpby9Eb3dubG9hZHMvMzU5NmE0MTEucGRmABMAAS8AABUAAgAK//8AAIAG0hscHR5aJGNsYXNzbmFtZVgkY2xhc3Nlc11OU011dGFibGVEYXRhox0fIFZOU0RhdGFYTlNPYmplY3TSGxwiI1xOU0RpY3Rpb25hcnmiIiBfEA9OU0tleWVkQXJjaGl2ZXLRJidUcm9vdIABAAgAEQAaACMALQAyADcAQABGAE0AVQBgAGcAagBsAG4AcQBzAHUAdwCEAI4AqgCvALcCIwIlAioCNQI+AkwCUAJXAmACZQJyAnUChwKKAo8AAAAAAAACAQAAAAAAAAAoAAAAAAAAAAAAAAAAAAACkQ==}}

@inproceedings{Lu:2010,
	Author = {Yanbin Lu and Gene Tsudik},
	Bibsource = {DBLP, http://dblp.uni-trier.de},
	Crossref = {DBLP:conf/p2p/2010},
	Date-Added = {2014-01-16 13:11:38 +0000},
	Date-Modified = {2014-01-19 17:25:14 +0000},
	Ee = {http://dx.doi.org/10.1109/P2P.2010.5569976},
	Pages = {1--10},
	Title = {{Towards Plugging Privacy Leaks in the Domain Name System}},
	Year = {2010}}

@inproceedings{Zhao:2007a,
	Author = {Fangming Zhao and Yoshiaki Hori and Kouichi Sakurai},
	Bibsource = {DBLP, http://dblp.uni-trier.de},
	Crossref = {DBLP:conf/mue/2007},
	Date-Added = {2014-01-16 13:11:38 +0000},
	Date-Modified = {2014-01-16 13:11:38 +0000},
	Ee = {http://doi.ieeecomputersociety.org/10.1109/MUE.2007.84},
	Pages = {952--957},
	Title = {{Analysis of Privacy Disclosure in DNS Query}},
	Year = {2007}}

@inproceedings{Zhao:2007b,
	Author = {Fangming Zhao and Yoshiaki Hori and Kouichi Sakurai},
	Bibsource = {DBLP, http://dblp.uni-trier.de},
	Crossref = {DBLP:conf/ipc/2007},
	Date-Added = {2014-01-16 13:11:38 +0000},
	Date-Modified = {2014-01-16 13:11:38 +0000},
	Ee = {http://doi.ieeecomputersociety.org/10.1109/IPC.2007.27},
	Pages = {299--302},
	Title = {{Two--Servers PIR Based DNS Query Scheme with Privacy--Preserving}},
	Year = {2007}}

@article{Zhao:2010,
	Author = {Fangming Zhao and Yoshiaki Hori and Kouichi Sakurai},
	Bibsource = {DBLP, http://dblp.uni-trier.de},
	Date-Added = {2014-01-16 13:11:38 +0000},
	Date-Modified = {2014-01-16 13:11:38 +0000},
	Ee = {http://search.ieice.org/bin/summary.php?id=e93-d_5_1031},
	Journal = {IEICE Transactions},
	Number = {5},
	Pages = {1031--1043},
	Title = {{Analysis of Existing Privacy--Preserving Protocols in Domain Name System}},
	Volume = {93-D},
	Year = {2010}}

@techreport{rfc4033,
	Author = {R. Arends and R. Austein and M. Larson and D. Massey and S. Rose},
	Date-Added = {2014-01-16 10:12:19 +0000},
	Date-Modified = {2014-01-16 10:12:19 +0000},
	Howpublished = irfc,
	Institution = rfced,
	Month = mar,
	Number = {4033},
	Publisher = rfced,
	Title = {{DNS Security Introduction and Requirements}},
	Type = {{RFC}},
	Year = 2005,
	Bdsk-Url-1 = {http://www.ietf.org/rfc/rfc4033.txt}}

@techreport{rfc2535,
	Author = {D. Eastlake},
	Date-Added = {2014-01-16 10:11:23 +0000},
	Date-Modified = {2014-01-30 15:38:49 +0000},
	Howpublished = irfc,
	Institution = rfced,
	Month = mar,
	Number = {2535},
	Publisher = rfced,
	Title = {{Domain Name System Security Extensions}},
	Type = {RFC},
	Year = 1999,
	Bdsk-Url-1 = {http://www.ietf.org/rfc/rfc2535.txt}}

@article{chaum81,
	Author = {David Chaum},
	Date-Added = {2011-11-30 15:16:45 +0000},
	Date-Modified = {2011-11-30 15:37:55 +0000},
	Journal = {Communications of the ACM},
	Number = {2},
	Pages = {84-90},
	Title = {{Untraceable Electronic Mail, Return Addresses, and Digital Pseudonyms}},
	Volume = {24},
	Year = {1981}}

@inproceedings{berthold01webmixes,
	Address = {{}},
	Author = {Berthold, Oliver and Federrath, Hannes and K{\"o}psell, Stefan},
	Booktitle = {Workshop on Design Issues in Anonymity and Unobservability},
	Crossref = {DBLP:conf/diau/2000},
	Date-Modified = {2013-02-05 00:25:29 +0000},
	Location = {Berkeley, California, United States},
	Numpages = {15},
	Pages = {115--129},
	Title = {{Web MIXes: A System for Anonymous and Unobservable Internet Access}},
	Year = {2001}}

@inproceedings{dingledine04tor,
	Author = {Roger Dingledine and Nick Mathewson and Paul Syverson},
	Booktitle = {USENIX Security Symposium},
	Date-Modified = {2014-03-18 07:42:29 +0000},
	Pages = {303-320},
	Title = {{Tor: The Second-Generation Onion Router}},
	Year = {2004}}

@proceedings{DBLP:conf/otm/2008-2,
	Bibsource = {DBLP, http://dblp.uni-trier.de},
	Booktitle = {On the Move to Meaningful Internet Systems},
	Date-Added = {2014-01-16 13:12:10 +0000},
	Date-Modified = {2014-03-18 07:42:22 +0000},
	Isbn = {978-3-540-88872-7},
	Publisher = {Springer, LNCS 5332},
	Title = {On the Move to Meaningful Internet Systems},
	Year = {2008}}

@proceedings{DBLP:conf/itng/2009,
	Bibsource = {DBLP, http://dblp.uni-trier.de},
	Booktitle = {International Conference on Information Technology: New Generations (ITNG 2009)},
	Date-Added = {2014-01-16 13:12:10 +0000},
	Date-Modified = {2014-03-18 06:22:08 +0000},
	Isbn = {978-0-7695-3596-8},
	Publisher = {IEEE},
	Title = {International Conference on Information Technology: New Generations (ITNG 2009)},
	Year = {2009}}

@proceedings{DBLP:conf/p2p/2010,
	Bibsource = {DBLP, http://dblp.uni-trier.de},
	Booktitle = {International Conference on Peer-to-Peer Computing},
	Date-Added = {2014-01-16 13:12:10 +0000},
	Date-Modified = {2014-03-18 06:27:44 +0000},
	Isbn = {978-1-4244-7141-6},
	Publisher = {IEEE},
	Title = {International Conference on Peer-to-Peer Computing},
	Year = {2010}}

@proceedings{DBLP:conf/mue/2007,
	Bibsource = {DBLP, http://dblp.uni-trier.de},
	Booktitle = {International Conference on Multimedia and Ubiquitous Engineering},
	Date-Added = {2014-01-16 13:12:10 +0000},
	Date-Modified = {2014-03-18 06:28:29 +0000},
	Isbn = {978-0-7695-2777-2},
	Publisher = {IEEE},
	Title = {International Conference on Multimedia and Ubiquitous Engineering},
	Year = {2007}}

@proceedings{DBLP:conf/ipc/2007,
	Bibsource = {DBLP, http://dblp.uni-trier.de},
	Booktitle = {International Conference on Intelligent Pervasive Computing},
	Date-Added = {2014-01-16 13:12:10 +0000},
	Date-Modified = {2014-03-18 06:28:54 +0000},
	Isbn = {0-7695-3006-0},
	Publisher = {IEEE},
	Title = {International Conference on Intelligent Pervasive Computing},
	Year = {2007}}

@proceedings{DBLP:conf/esorics/2011,
	Booktitle = {European Symposium on Research in Computer Security (ESORICS 2011)},
	Date-Added = {2014-01-16 13:14:04 +0000},
	Date-Modified = {2014-03-18 07:43:12 +0000},
	Publisher = {Springer, LNCS 6879},
	Title = {European Symposium on Research in Computer Security (ESORICS 2011)},
	Year = {2011}}
